@misc{CIL2015,
  author        = {Thomas Hofmann, Joachim Buhmann},
  title         = {Lecture notes of Computational Intelligence Lab},
  month         = {Spring},
  year          = {2015},
  publisher={Departement of Computer Science, ETH Zurich}
}

@article{criminisi2004region,
  title={Region filling and object removal by exemplar-based image inpainting},
  author={Criminisi, Antonio and P{\'e}rez, Patrick and Toyama, Kentaro},
  journal={Image Processing, IEEE Transactions on},
  volume={13},
  number={9},
  pages={1200--1212},
  year={2004},
  publisher={IEEE}
}

@article{fadili2009inpainting,
  title={Inpainting and zooming using sparse representations},
  author={Fadili, Mohamed-Jalal and Starck, J-L and Murtagh, Fionn},
  journal={The Computer Journal},
  volume={52},
  number={1},
  pages={64--79},
  year={2009},
  publisher={Br Computer Soc}
}

@article{elad2005simultaneous,
  title={Simultaneous cartoon and texture image inpainting using morphological component analysis (MCA)},
  author={Elad, Michael and Starck, J-L and Querre, Philippe and Donoho, David L},
  journal={Applied and Computational Harmonic Analysis},
  volume={19},
  number={3},
  pages={340--358},
  year={2005},
  publisher={Elsevier}
}

% Review paper
@article{tauber2007review,
  title={Review and preview: Disocclusion by inpainting for image-based rendering},
  author={Tauber, Zinovi and Li, Ze-Nian and Drew, Mark S},
  journal={Systems, Man, and Cybernetics, Part C: Applications and Reviews, IEEE Transactions on},
  volume={37},
  number={4},
  pages={527--540},
  year={2007},
  publisher={IEEE}
}